<record><leader>00000cas a22000007a 4500</leader><controlfield tag="001">9321961</controlfield><controlfield tag="008">830318d18361839mauwr ne      0    0eng d</controlfield><controlfield tag="009">3768</controlfield><datafield ind1=" " ind2=" " tag="010"><subfield code="a">sn 83020325 </subfield></datafield><datafield ind1=" " ind2=" " tag="040"><subfield code="a">NPX</subfield><subfield code="b">eng</subfield><subfield code="c">NPX</subfield><subfield code="d">DLC</subfield><subfield code="d">MGN</subfield><subfield code="d">DLC</subfield><subfield code="d">OCLCF</subfield></datafield><datafield ind1="1" ind2=" " tag="029"><subfield code="a">AU@</subfield><subfield code="b">000025790526</subfield></datafield><datafield ind1=" " ind2=" " tag="042"><subfield code="a">msc</subfield></datafield><datafield ind1=" " ind2=" " tag="043"><subfield code="a">n-us-ma</subfield></datafield><datafield ind1="0" ind2="0" tag="050"><subfield code="a">Newspaper</subfield></datafield><datafield ind1="0" ind2="0" tag="245"><subfield code="a">Norfolk advertiser.</subfield></datafield><datafield ind1=" " ind2=" " tag="260"><subfield code="a">Dedham, Mass. :</subfield><subfield code="b">Ebenezer Fish,</subfield><subfield code="c">1836-1839.</subfield></datafield><datafield ind1=" " ind2=" " tag="300"><subfield code="a">v. ;</subfield><subfield code="c">56 cm.</subfield></datafield><datafield ind1=" " ind2=" " tag="310"><subfield code="a">Weekly</subfield></datafield><datafield ind1="0" ind2=" " tag="362"><subfield code="a">Vol. 6, no. 14 (Apr. 2, 1836)-v. 9, no. 5 (Feb. 2, 1839).</subfield></datafield><datafield ind1=" " ind2=" " tag="500"><subfield code="a">"Pledged to no party's arbitrary sway ...."</subfield></datafield><datafield ind1=" " ind2=" " tag="515"><subfield code="a">Continues numbering of: Norfolk advertiser, and independent politician.</subfield></datafield><datafield ind1=" " ind2="0" tag="651"><subfield code="a">Dedham (Mass.)</subfield><subfield code="v">Newspapers.</subfield></datafield><datafield ind1=" " ind2="7" tag="655"><subfield code="a">Newspapers.</subfield><subfield code="2">fast</subfield><subfield code="0">(OCoLC)fst01423814</subfield></datafield><datafield ind1=" " ind2="7" tag="651"><subfield code="a">Massachusetts</subfield><subfield code="z">Dedham.</subfield><subfield code="2">fast</subfield><subfield code="0">(OCoLC)fst01209955</subfield></datafield><datafield ind1=" " ind2=" " tag="752"><subfield code="a">United States</subfield><subfield code="b">Massachusetts</subfield><subfield code="c">Norfolk</subfield><subfield code="d">Dedham.</subfield></datafield><datafield ind1="0" ind2="0" tag="780"><subfield code="t">Norfolk advertiser, and independent politician</subfield><subfield code="w">(DLC)sn 83020324</subfield><subfield code="w">(OCoLC)9321891</subfield></datafield><datafield ind1="0" ind2="0" tag="785"><subfield code="t">Norfolk Democrat (Dedham, Mass.)</subfield><subfield code="w">(DLC)sn 83020326</subfield><subfield code="w">(OCoLC)9328643</subfield></datafield></record>